@misc{cnn,
  author = {Sumit Saha},
  title  = {https://towardsdatascience.com/a-comprehensive-guide-to-convolutional-neural-networks-the-eli5-way-3bd2b1164a53},
  year   = {2021}
}
@misc{convolution,
  author = {Md Nasir Uddin Laskar},
  title  = {https://nasirml.wordpress.com/2019/01/08/convnet-in-tensorflow/},
  year   = {2021}
}
@book{handsonmachinelearning,
  author    = {Aurélien Géron},
  title     = {Hands-On Machine Learning with Scikit-Learn and TensorFlow},
  publisher = {O'Reilly Media},
  year      = {2018}
}
@misc{introduction-nn,
  author = {Scott Robinson},
  title  = {https://stackabuse.com/introduction-to-neural-networks-with-scikit-learn/},
  year   = {2021}
}
@misc{unet,
  author = {Harshall Lamba},
  title  = {https://towardsdatascience.com/understanding-semantic-segmentation-with-unet-6be4f42d4b47},
  year   = {2021}
}
@article{unetpaper,
  author        = {Olaf Ronneberger and
               Philipp Fischer and
               Thomas Brox},
  title         = {U-Net: Convolutional Networks for Biomedical Image Segmentation},
  journal       = {CoRR},
  volume        = {abs/1505.04597},
  year          = {2015},
  url           = {http://arxiv.org/abs/1505.04597},
  archiveprefix = {arXiv},
  eprint        = {1505.04597},
  timestamp     = {Mon, 13 Aug 2018 16:46:52 +0200},
  biburl        = {https://dblp.org/rec/journals/corr/RonnebergerFB15.bib},
  bibsource     = {dblp computer science bibliography, https://dblp.org}
}